@misc{wiki:systemoflinearequations,
   author = "Wikipedia",
   title = "System of Linear Equations --- {Wikipedia}{,} The Free Encyclopedia",
   year = "2023",
   url = "https://en.wikipedia.org/wiki/System_of_linear_equations",
   note = "[Online; accessed 25-March-2023]"
}

@book{semple1952,
  title={Algebraic Projective Geometry},
  author={Semple, JG and Kneebone, GT},
  year={1952},
  publisher={Clarendon Press}
}

@misc{wiki:Euclid's_Elements,
   author = "Wikipedia",
   title = "{Euclid's Elements} --- {W}ikipedia{,} The Free Encyclopedia",
   year = "2023",
   url = "http://en.wikipedia.org/w/index.php?title=Euclid's\%20Elements",
   note = "[Online; accessed 26-March-2023]"
 }

@misc{wiki:Erlangen_program,
   author = "Wikipedia",
   title = "{Erlangen program} --- {W}ikipedia{,} The Free Encyclopedia",
   year = "2023",
   url = "http://en.wikipedia.org/w/index.php?title=Erlangen\%20program",
   note = "[Online; accessed 26-March-2023]"
 }

@book{wylie2008,
  author       = {Wylie Jr., C. R.},
  title        = {Introduction to Projective Geometry},
  publisher    = {Dover Publications},
  year         = {2008},
  isbn         = {048646895X},
  url          = {https://www.amazon.com/Introduction-Projective-Geometry-Dover-Mathematics/dp/048646895X}
}

@misc{wildberger2011projective,
  author       = {Wildberger, N J},
  title        = {Projective geometry and homogeneous coordinates | WildTrig: Intro to Rational Trigonometry},
  year         = {2009},
  howpublished = {YouTube video},
  url          = {https://www.youtube.com/watch?v=q3turHmOWq4}
}

@misc{stachniss_homogeneous_coordinates,
  author       = {Stachniss, Cyrill},
  title        = {Homogeneous Coordinates},
  year         = {2020},
  howpublished = {YouTube video},
  url          = {https://www.youtube.com/watch?v=MQdm0Z_gNcw}
}

@misc{wiki:Newton's_method_in_optimization,
   author = "Wikipedia",
   title = "{Newton's method in optimization} --- {W}ikipedia{,} The Free Encyclopedia",
   year = "2023",
   url = "http://en.wikipedia.org/w/index.php?title=Newton's\%20method\%20in\%20optimization",
   note = "[Online; accessed 27-March-2023]"
 }

 @misc{wiki:Matrix_calculus,
   author = "Wikipedia",
   title = "{Matrix calculus} --- {W}ikipedia{,} The Free Encyclopedia",
   year = "2023",
   url = "http://en.wikipedia.org/w/index.php?title=Matrix\%20calculus",
   note = "[Online; accessed 27-March-2023]"
 }
 
 @misc{wiki:Taylor's_theorem,
   author = "Wikipedia",
   title = "{Taylor's theorem} --- {W}ikipedia{,} The Free Encyclopedia",
   year = "2023",
   url = "https://en.wikipedia.org/wiki/Taylor\%27s_theorem",
   note = "[Online; accessed 27-March-2023]"
 }

 @misc{cis580slides,
    author = "HyunSoo Park",
    title = "Nonlinear Least Squares and Bundle Adjustment",
    url = "https://www.cis.upenn.edu/~cis580/Spring2015/Lectures/cis580-16-BundleAdjustment.pdf",
    year = "2015",
    note = "Slides from CIS 580: Machine Perception, Spring 2015",
}
